@article{kaji/manresa/guillaume:2022:adversarial_est,
  title={An adversarial approach to structural estimation},
  author={Kaji, Tetsuya and Manresa, Elena and Pouliot, Guillaume},
  journal={arXiv preprint arXiv:2007.06169},
  year={2022}
}

